@article{Hochreiter1997,
author = {Hochreiter, Sepp and Schmidhuber, J\"{u}rgen},
title = {Long Short-Term Memory},
year = {1997},
issue_date = {November 15, 1997},
publisher = {MIT Press},
address = {Cambridge, MA, USA},
volume = {9},
number = {8},
issn = {0899-7667},
url = {https://doi.org/10.1162/neco.1997.9.8.1735},
doi = {10.1162/neco.1997.9.8.1735},
journal = {Neural Comput.},
month = nov,
pages = {1735â€“1780},
numpages = {46}
}

@article{Hershey2016,
  author    = {Shawn Hershey and
               Sourish Chaudhuri and
               Daniel P. W. Ellis and
               Jort F. Gemmeke and
               Aren Jansen and
               R. Channing Moore and
               Manoj Plakal and
               Devin Platt and
               Rif A. Saurous and
               Bryan Seybold and
               Malcolm Slaney and
               Ron J. Weiss and
               Kevin W. Wilson},
  title     = {{CNN} Architectures for Large-Scale Audio Classification},
  journal   = {CoRR},
  volume    = {abs/1609.09430},
  year      = {2016},
  url       = {http://arxiv.org/abs/1609.09430},
  archivePrefix = {arXiv},
  eprint    = {1609.09430},
  timestamp = {Mon, 13 Aug 2018 16:47:59 +0200},
  biburl    = {https://dblp.org/rec/journals/corr/HersheyCEGJMPPS16.bib},
  bibsource = {dblp computer science bibliography, https://dblp.org}
}

@article{scikit-learn,
 title={Scikit-learn: Machine Learning in {P}ython},
 author={Pedregosa, F. and Varoquaux, G. and Gramfort, A. and Michel, V.
         and Thirion, B. and Grisel, O. and Blondel, M. and Prettenhofer, P.
         and Weiss, R. and Dubourg, V. and Vanderplas, J. and Passos, A. and
         Cournapeau, D. and Brucher, M. and Perrot, M. and Duchesnay, E.},
 journal={Journal of Machine Learning Research},
 volume={12},
 pages={2825--2830},
 year={2011}
}
