
@article{Hochreiter97,
author = {Hochreiter, Sepp and Schmidhuber, J\"{u}rgen},
title = {Long Short-Term Memory},
year = {1997},
issue_date = {November 15, 1997},
publisher = {MIT Press},
address = {Cambridge, MA, USA},
volume = {9},
number = {8},
issn = {0899-7667},
url = {https://doi.org/10.1162/neco.1997.9.8.1735},
doi = {10.1162/neco.1997.9.8.1735},
journal = {Neural Comput.},
month = nov,
pages = {1735–1780},
numpages = {46}
}


@article{Hershey2016,
  author    = {Shawn Hershey and
               Sourish Chaudhuri and
               Daniel P. W. Ellis and
               Jort F. Gemmeke and
               Aren Jansen and
               R. Channing Moore and
               Manoj Plakal and
               Devin Platt and
               Rif A. Saurous and
               Bryan Seybold and
               Malcolm Slaney and
               Ron J. Weiss and
               Kevin W. Wilson},
  title     = {{CNN} Architectures for Large-Scale Audio Classification},
  journal   = {CoRR},
  volume    = {abs/1609.09430},
  year      = {2016},
  url       = {http://arxiv.org/abs/1609.09430},
  archivePrefix = {arXiv},
  eprint    = {1609.09430},
  timestamp = {Mon, 13 Aug 2018 16:47:59 +0200},
  biburl    = {https://dblp.org/rec/journals/corr/HersheyCEGJMPPS16.bib},
  bibsource = {dblp computer science bibliography, https://dblp.org}
}

@article{scikit-learn,
 title={Scikit-learn: Machine Learning in {P}ython},
 author={Pedregosa, F. and Varoquaux, G. and Gramfort, A. and Michel, V.
         and Thirion, B. and Grisel, O. and Blondel, M. and Prettenhofer, P.
         and Weiss, R. and Dubourg, V. and Vanderplas, J. and Passos, A. and
         Cournapeau, D. and Brucher, M. and Perrot, M. and Duchesnay, E.},
 journal={Journal of Machine Learning Research},
 volume={12},
 pages={2825--2830},
 year={2011}
}

@article{Cella19,
title = {Open-Source Modular Toolbox for Computer-Aided Orchestration},
author = {Carmine Emanuele Cella and Jon Gillick and David Bamman},
conference = {ISMIR},
year = {2019}
}


@article{Benetos07,
title = {Large Scale Musical Instrument Identification},
author = {Emmanouil Benetos and Margarita Kotti and Constantine Kotropoulos},
year = {2007}
}

@article{Kitahara05,
title = {Pitch-Dependent Identification of Musical Instrument Sounds},
author = {Tetsuro Kitahara and Masataka Goto and Hiroshi G. Okuno},
year = {2005}
}

@article{Chetry05,
title = {Musical Instrument Identification using LSF and K-means},
author = {Chetry, Nicolas and Davies, Mike and Sandler, Mark},
year = {2005}
}

@article{Bian,
title = {Audio-Based Music Classification with DenseNet And
Data Augmentation},
author = {Wenhao Bian and Jie Wang and Bojin Zhuang and Jiankui Yang, Shaojun Wang and Jing
Xiao},
year = {0}
}

@article{Brunner,
title = {Monaural Music Source Separation using a ResNet
Latent Separator Network},
author = {Gino Brunner and Nawel Naas and Sveinn Palsson and Oliver Richter and Roger Wattenhofer},
year = {0}
}

@article{Defossez19,
title = {Music Source Separation in the Waveform Domain},
author = {Alexandre Défossez and Nicolas Usunier and Léon Bottou and Francis Bach},
year = {2019}
}

@article{Hershey16,
title = {CNN Architectures for Large-Scale Audio Classification},
author = {Shawn Hershey and Sourish Chaudhuri and Daniel P. W. Ellis and Jort F. Gemmeke and Aren Jansen and R. Channing Moore and Manoj Plakal and Devin Platt and Rif A. Saurous and Bryan Seybold and Malcolm Slaney and Ron J. Weiss and Kevin Wilson},
year = {2016}
}

@article{He15,
title = {Deep Residual Learning for Image Recognition},
author = {Kaiming He and Xiangyu Zhang and Shaoqing Ren and Jian Sun},
year = {2015}
}

@misc{lostanlen16,
    title={Deep convolutional networks on the pitch spiral for musical instrument recognition},
    author={Vincent Lostanlen and Carmine-Emanuele Cella},
    year={2016},
    eprint={1605.06644},
    archivePrefix={arXiv},
    primaryClass={cs.SD}
}

@article{Stevens37,
title = {A Scale for the Measurement of the Psychological Magnitude Pitch},
author = {S. S. Stevens and J. Volkmann and and E. B. Newman},
year = {1937}
}

@article{mcfee15,
title = {librosa: Audio and Music Signal Analysis in Python},
author = {Brian McFee and Colin Raffel and Dawen Liang and Daniel P.W. Ellis and Matt McVicar and Eric Battenberg and Oriol Nieto},
year = {2015}
}

@article{Salamon17,
   title={Deep Convolutional Neural Networks and Data Augmentation for Environmental Sound Classification},
   volume={24},
   ISSN={1558-2361},
   url={http://dx.doi.org/10.1109/LSP.2017.2657381},
   DOI={10.1109/lsp.2017.2657381},
   number={3},
   journal={IEEE Signal Processing Letters},
   publisher={Institute of Electrical and Electronics Engineers (IEEE)},
   author={Salamon, Justin and Bello, Juan Pablo},
   year={2017},
   month={Mar},
   pages={279–283}
}

@mastersthesis {Bhardwaj17,
	title = {Audio Data Augmentation with respect to Musical Instrument Recognition},
	year = {2017},
	doi = {https://doi.org/10.5281/zenodo.1066137},
	author = {Bhardwaj, Siddharth}
}
