% -----------------------------------------------------------------------
% File: references.bib
% -----------------------------------------------------------------------
% separate each line item with space, otherwise the reference will not be hyperlinked
% put the keyword "and" between authors to separate them.


@article{FerVic2013,
   title={AI Methods in Algorithmic Composition: A Comprehensive Survey},
   volume={48},
   ISSN={1076-9757},
   url={http://dx.doi.org/10.1613/jair.3908},
   DOI={10.1613/jair.3908},
   journal={Journal of Artificial Intelligence Research},
   publisher={AI Access Foundation},
   author={Fernandez, J.D. and Vico, F.},
   year={2013},
   month={Nov},
   pages={513–582}
}

@inproceedings{Ari2005,
  title={Navigating the Landscape of Computer Aided Algorithmic Composition Systems: a Definition, seven Descriptors, and a Lexicon of Systems and Research},
  author={Christopher Ariza},
  booktitle={{ICMC}},
  year={2005}
}

@article{Maresz2003,
author = {Maresz, Yan},
year = {2013},
month = {02},
pages = {},
title = {On Computer-Assisted Orchestration},
volume = {32},
journal = {Contemporary Music Review},
doi = {10.1080/07494467.2013.774515}
}

@inproceedings{Cella18,
author = {Carmine-Emanuele Cella and Philippe Esling},
year  = {2018},
title = {Open-source modular toolbox for computer-aided orchestration},
booktitle = {Timbre conference}
}

@article{Cella2020,
author = {Carmine-Emanuele Cella},
title = {Orchidea: a comprehensive framework for target-based assisted orchestration},
year = {2020},
journal = {In preparation; available on request from the author}
}

@article{Carpentier2010,
author = {Carpentier, Greoire and Tardieu, Damien and Harvey, Jonathan and Assayag, Gérard and Saint-James, Emmanuel},
year = {2010},
month = {03},
pages = {},
title = {Predicting Timbre Features of Instrument Sound Combinations: Application to Automatic Orchestration},
volume = {39},
journal = {Journal of New Music Research},
doi = {10.1080/09298210903581566}
}
